@article{GREENFIELD:BLUE:2014,
  author       = {Greenfield, Paul and Duesing, Konsta and Papanicolaou, Alexie and Bauer, Denis C.},
  date         = {2014},
  journaltitle = {Bioinformatics},
  number       = {19},
  pages        = {2723--2732},
  title        = {Blue: correcting sequencing errors using consensus and context},
  volume       = {30},
}

@article{NANZ:CONCURRENCY_STUDY:2013,
  author       = {Nanz, Sebastian and Torshizi, Faraz and Pedroni, Michela and Meyer, Bertrand},
  date         = {2013},
  journaltitle = {Information and Software Technology},
  number       = {7},
  pages        = {1304--1315},
  title        = {Design of an empirical study for comparing the usability of concurrent programming languages},
  volume       = {55},
}

@article{HOCHSTEIN:CONCURRENCY_STUDY:2008,
  author       = {Hochstein, Lorin and Basili, Victor R. and Vishkin, Uzi and Gilbert, John},
  date         = {2008},
  journaltitle = {Journal of Systems and Software},
  number       = {11},
  pages        = {1920--1930},
  title        = {A pilot study to compare programming effort for two parallel programming models},
  volume       = {81},
}

@incollection{BROOKE:SUS:1996,
  author    = {Brooke, John},
  booktitle = {Usability evaluation in industry},
  chapter   = {21},
  date      = {1996},
  pages     = {189--194},
  title     = {{SUS - A} quick and dirty usability scale},
}

@article{LEWIS:QUESTIONNAIRES:1995,
  author       = {Lewis, James R.},
  date         = {1995},
  journaltitle = {International Journal of Human-Computer Interaction},
  number       = {1},
  pages        = {57--78},
  title        = {{IBM} computer usability satisfaction questionnaires: psychometric evaluation and instructions for use},
  volume       = {7},
}

@article{BANGOR:SUS_EVALUATION:2008,
  author       = {Bangor, Aaron and Kortum, Philip T. and Miller, James T.},
  date         = {2008},
  journaltitle = {International Journal of Human-Computer Interaction},
  number       = {6},
  pages        = {574--594},
  title        = {An Empirical Evaluation of the {System Usability Scale}},
  volume       = {24},
}

@article{FINSTAD:SUS:2006,
  author       = {Finstad, Kraig},
  date         = {2006},
  journaltitle = {Journal of Usability Studies},
  number       = {4},
  pages        = {185--188},
  title        = {The {System Usability Scale} and Non-native {English} Speakers},
  volume       = {1},
}

@inproceedings{GU:MEM_OR_TIME:2013,
  author    = {Gu, Lei and Li, Huan},
  booktitle = {2013 IEEE 10th International Conference on High Performance Computing and Communications 2013 IEEE International Conference on Embedded and Ubiquitous Computing},
  date      = {2013},
  pages     = {721--727},
  series    = {HPCC\_EUC'13},
  title     = {Memory or Time: Performance Evaluation for Iterative Operation on {Hadoop} and {Spark}},
}

@inproceedings{ZAHARIA:RDD:2012,
  author    = {Zaharia, Matei and Chowdhury, Mosharaf and Das, Tathagata and Dave, Ankur and Ma, Justin and McCauley, Murphy and Franklin, Michael J. and Shenker, Scott and Stoica, Ion},
  booktitle = {Proceedings of the 9th USENIX Conference on Networked Systems Design and Implementation},
  date      = {2012},
  pages     = {2--2},
  series    = {NSDI'12},
  title     = {Resilient Distributed Datasets: A Fault-tolerant Abstraction for In-memory Cluster Computing},
}

@inproceedings{DING:HADOOP_STREAMING:2013,
  author    = {Ding, Mengwei and Zheng, Long and Lu, Yanchao and Li, Li and Guo, Song and Guo, Minyi},
  booktitle = {Proceedings of the 2011 ACM Symposium on Research in Applied Computation},
  date      = {2011},
  pages     = {307--313},
  series    = {RACS'11},
  title     = {More Convenient More Overhead: The Performance Evaluation of {Hadoop Streaming}},
}

@inproceedings{BLANAS:MR_JOINS:2010,
  author    = {Blanas, Spyros and Patel, Jignesh M. and Ercegovac, Vuk and Rao, Jun and Shekita, Eugene J. and Tian, Yuanyuan},
  booktitle = {Proceedings of the 2010 ACM SIGMOD International Conference on Management of Data},
  date      = {2010},
  pages     = {975--986},
  series    = {SIGMOD'10},
  title     = {A Comparison of Join Algorithms for Log Processing in {MapReduce}},
}

@inproceedings{EKANAYAKE:TWISTER:2010,
  author    = {Ekanayake, Jaliya and Li, Hui and Zhang, Bingjing and Gunarathne, Thilina and Bae, Seung-Hee and Qiu, Judy and Fox, Geoffrey},
  booktitle = {Proceedings of the 19th ACM International Symposium on High Performance Distributed Computing},
  date      = {2010},
  pages     = {810--818},
  series    = {HPDC'10},
  title     = {Twister: A Runtime for Iterative {MapReduce}},
}

@inproceedings{DeanG:MAPREDUCE:OSDI2004,
  author    = {Dean, Jeffrey and Ghemawat, Sanjay},
  booktitle = {6th Symposium on Operating System Design and Implementation},
  date      = {2004},
  pages     = {137--150},
  series    = {OSDI'04},
  title     = {{MapReduce}: Simplified Data Processing on Large Clusters},
}

@article{DEAN:MAPREDUCE:2008,
  author       = {Dean, Jeffrey and Ghemawat, Sanjay},
  date         = {2008},
  journaltitle = {Communications of the ACM},
  number       = {1},
  pages        = {107--113},
  title        = {{MapReduce}: Simplified Data Processing on Large Clusters},
  volume       = {51},
}

@article{ALEXANDROV:STRATOSPHERE:2014,
  author       = {Alexandrov, Alexander and Bergmann, Rico and Ewen, Stephan and Freytag, Johann-Christoph and Hueske, Fabian and Heise, Arvid and Kao, Odej and Leich, Marcus and Leser, Ulf and Markl, Volker and Naumann, Felix and Peters, Mathias and Rheinl{\"a}nder, Astrid and Sax, Matthias J. and Schelter, Sebastian and H{\"o}ger, Mareike and Tzoumas, Kostas and Warneke, Daniel},
  date         = {2014},
  journaltitle = {The VLDB Journal},
  number       = {6},
  pages        = {939--964},
  title        = {The {Stratosphere} platform for big data analytics},
  volume       = {23},
}

@inproceedings{ZAHARIA:DSTREAM:2012,
  author    = {Zaharia, Matei and Das, Tathagata and Li, Haoyuan and Shenker, Scott and Stoica, Ion},
  booktitle = {Proceedings of the 4th USENIX Conference on Hot Topics in Cloud Ccomputing},
  date      = {2012},
  pages     = {10--10},
  series    = {HotCloud'12},
  title     = {Discretized Streams: An Efficient and Fault-tolerant Model for Stream Processing on Large Clusters},
}

@inproceedings{LOPEZ:STREAM_COMPARISON:2016,
  author    = {Lopez, Martin Andreoni and Lobato, Antonio Gonzalez Pastana and Duarte, Otto Carlos M. B.},
  booktitle = {2016 IEEE Global Communications Conference: Selected Areas in Communications: Cloud Networks},
  date      = {2016},
  pages     = {1--6},
  series    = {GLOBECOM'16},
  title     = {A Performance Comparison of Open-Source Stream Processing Platforms},
}

@inproceedings{MARCU:SPARK_VS_FLINK:2016,
  author    = {Marcu, Ovidiu-Cristian and Costan, Alexandru and Antoniu, Gabriel and P{\'e}rez-Hern{\'a}ndez, Mar{\'i}a S.},
  booktitle = {2016 IEEE International Conference on Cluster Computing},
  date      = {2016},
  pages     = {433--442},
  series    = {CLUSTER'16},
  title     = {Spark Versus {Flink}: Understanding Performance in Big Data Analytics Frameworks},
}

@article{MEHTA:COMP_EVAL_BIGDATA_SYS:2017,
  author       = {Mehta, Parmita and Dorkenwald, Sven and Zhao, Dongfang and Kaftan, Tomer and Cheung, Alvin and Balazinska, Magdalena and Rokem, Ariel and Connolly, Andrew J. and VanderPlas, Jacob and AlSayyad, Yusra},
  date         = {2017},
  journaltitle = {Proceedings of the 43rd International Conference on Very Large Data Bases},
  number       = {11},
  pages        = {1226--1237},
  title        = {Comparative Evaluation of Big-Data Systems on Scientific Image Analytics Workloads},
  volume       = {10},
}

@inproceedings{BERTONI:EVAL_CLOUD_FRAMEWORKS:2015,
  author    = {Bertoni, Michele and Ceri, Stefano and Kaitoua, Abdulrahman and Pinoli, Pietro},
  booktitle = {2015 IEEE International Conference on Big Data},
  date      = {2015},
  pages     = {193--202},
  series    = {IEEE Big Data'15},
  title     = {Evaluating Cloud Frameworks on Genomic Applications},
}

@article{PereraPH:CORR2016,
  author       = {Perera, Shelan and Perera, Ashansa and Hakimzadeh, Kamal},
  date         = {2016},
  journaltitle = {Computing Research Repository},
  title        = {Reproducible Experiments for Comparing {Apache Flink} and {Apache Spark} on Public Clouds},
  volume       = {abs/1610.04493},
}

@inproceedings{TaftVSSMS:SIGMOD2014,
  author    = {Taft, Rebecca and Vartak, Manasi and Satish, Nadathur Rajagopalan and Sundaram, Narayanan and Madden, Samuel and Stonebraker, Michael},
  booktitle = {International Conference on Management of Data},
  date      = {2014},
  pages     = {177--188},
  series    = {SIGMOD'14},
  title     = {{GenBase}: a complex analytics genomics benchmark},
}

@inproceedings{VAVILAPALLI:YARN:2013,
  author    = {Vavilapalli, Vinod Kumar and Murthy, Arun C. and Douglas, Chris and Agarwal, Sharad and Konar, Mahadev and Evans, Robert and Graves, Thomas and Lowe, Jason and Shah, Hitesh and Seth, Siddharth and Saha, Bikas and Curino, Carlo and O'Malley, Owen and Radia, Sanjay and Reed, Benjamin and Baldeschwieler, Eric},
  booktitle = {Proceedings of the 4th Annual Symposium on Cloud Computing},
  date      = {2013},
  pages     = {5:1--5:16},
  series    = {SOCC'13},
  title     = {{Apache Hadoop YARN}: Yet Another Resource Negotiator},
}

@inproceedings{SHVACHKO:HDFS:2010,
  author    = {Shvachko, Konstantin and Kuang, Hairong and Radia, Sanjay and Chansler, Robert},
  booktitle = {2010 IEEE 26th Symposium on Mass Storage Systems and Technologies},
  date      = {2010},
  pages     = {1--10},
  series    = {MSST'10},
  title     = {The {Hadoop Distributed File System}},
}

@book{HeyTT:2009,
  author    = {Hey, Tony and Tansley, Stewart and Tolle, Kristin},
  publisher = {Microsoft Research},
  date      = {2009},
  title     = {The Fourth Paradigm: Data-intensive Scientific Discovery},
}

@misc{HADOOP:HOMEPAGE,
  url   = {https://hadoop.apache.org},
  title = {{Apache Hadoop}},
}

@misc{SPARK:HOMEPAGE,
  url   = {https://spark.apache.org},
  title = {{Apache Spark}},
}

@misc{FLINK:HOMEPAGE,
  url   = {https://flink.apache.org},
  title = {{Apache Flink}},
}

@inproceedings{ZahariaCFSS:HotCloud10,
  author    = {Zaharia, Matei and Chowdhury, Mosharaf and Franklin, Michael J. and Shenker, Scott and Stoica, Ion},
  booktitle = {2nd {USENIX} Workshop on Hot Topics in Cloud Computing},
  date      = {2010},
  series    = {HotCloud'10},
  title     = {Spark: Cluster Computing with Working Sets},
}

@article{CarboneKEMHT:DEBU2015,
  author       = {Carbone, Paris and Katsifodimos, Asterios and Ewen, Stephan and Markl, Volker and Haridi, Seif and Tzoumas, Kostas},
  date         = {2015},
  journaltitle = {{IEEE} Data Engineering Bulletin},
  number       = {4},
  pages        = {28--38},
  title        = {{Apache Flink}{\texttrademark}: Stream and Batch Processing in a Single Engine},
  volume       = {38},
}

@misc{GALILEE:COMPARISON:2014,
  author  = {Galilee, Jack and Zhou, Ying},
  url     = {https://web.archive.org/web/20160602063912/http://sydney.edu.au/engineering/it/research/conversazione-2014/Galilee-Jack.pdf},
  title   = {A study on implementing iterative algorithms using big data frameworks},
  urldate = {2017-08-19},
}

@article{HEIBERGER:DSBC:2014,
  author       = {Heiberger, Richard and Robbins, Naomi},
  date         = {2014},
  journaltitle = {Journal of Statistical Software},
  number       = {5},
  pages        = {1--32},
  title        = {Design of Diverging Stacked Bar Charts for {Likert} Scales and Other Applications},
  volume       = {57},
}

@article{hartigan1979algorithm,
  author       = {Hartigan, John A and Wong, Manchek A},
  date         = {1979},
  journaltitle = {Journal of the Royal Statistical Society. Series C (Applied Statistics)},
  number       = {1},
  pages        = {100--108},
  title        = {{Algorithm AS 136}: A k-means clustering algorithm},
  volume       = {28},
}

@inproceedings{agrawal1994fast,
  author    = {Agrawal, Rakesh and Srikant, Ramakrishnan and others},
  booktitle = {Proceedings of the 20th International Conference on Very Large Data Bases},
  date      = {1994},
  pages     = {487--499},
  series    = {VLDB'94},
  title     = {Fast algorithms for mining association rules},
  volume    = {1215},
}

@inproceedings{RICHTER:COMPARISON:2015,
  author    = {Richter, Aaron N. and Khoshgoftaar, Taghi M. and Landset, Sara and Hasanin, Tawfiq},
  booktitle = {2015 IEEE International Conference on Information Reuse and Integration},
  date      = {2015},
  pages     = {1--8},
  series    = {IRI'15},
  title     = {A Multi-dimensional Comparison of Toolkits for Machine Learning with Big Data},
}

@inproceedings{VEIGA:EVALUATION:2015,
  author    = {Veiga, Jorge and Exp{\'o}sito, Roberto R. and Pardo, Xo{\'a}n C. and Taboada, Guillermo L. and Touri{\~n}o, Juan},
  booktitle = {2015 IEEE International Conference on Big Data},
  date      = {2015},
  pages     = {193--202},
  series    = {IEEE Big Data'15},
  title     = {Performance Evaluation of Big Data Frameworks for Large-Scale Data Analytics},
}

@misc{BONACI:HADOOP_HISTORY:2015,
  author  = {Bonaci, Marko},
  url     = {https://medium.com/@markobonaci/the-history-of-hadoop-68984a11704},
  title   = {The history of Hadoop},
  urldate = {2018-01-29},
}

@book{ghemawat2003google,
  author    = {Ghemawat, Sanjay and Gobioff, Howard and Leung, Shun-Tak},
  booktitle = {Proceedings of the Nineteenth ACM Symposium on Operating Systems Principles},
  date      = {2003},
  pages     = {29--43},
  series    = {SOSP'03},
  title     = {The {Google} file system},
}

@inproceedings{AKIL:USABILITY:2017,
  author    = {Akil, Bilal and Zhou, Ying and R{\"o}hm, Uwe},
  booktitle = {2017 IEEE International Conference on Big Data},
  date      = {2017},
  pages     = {303--310},
  series    = {IEEE Big Data'17},
  title     = {On the Usability of {Hadoop MapReduce}, {Apache Spark} \& {Apache Flink} for Data Science},
}

@techreport{AKIL:USABILITY_TR:2018,
  title       = {Technical Report: On the Usability of {Hadoop MapReduce}, {Apache Spark}, {\&} {Apache Flink} for Data Science},
  author      = {Bilal Akil and Ying Zhou and Uwe R{\"o}hm},
  number      = {709},
  institution = {School of IT, University of Sydney},
  year        = {2018},
}
